<record><leader>00000cas a22000007a 4500</leader><controlfield tag="001">32732074</controlfield><controlfield tag="008">950629d18921893okuwr n       0    0eng d</controlfield><datafield ind1=" " ind2=" " tag="010"><subfield code="a">sn 95076260 </subfield></datafield><datafield ind1=" " ind2=" " tag="040"><subfield code="a">OBN</subfield><subfield code="b">eng</subfield><subfield code="c">OBN</subfield><subfield code="d">OCLCQ</subfield><subfield code="d">OCLCO</subfield></datafield><datafield ind1="1" ind2=" " tag="029"><subfield code="a">AU@</subfield><subfield code="b">000011783217</subfield></datafield><datafield ind1=" " ind2=" " tag="042"><subfield code="a">msc</subfield></datafield><datafield ind1=" " ind2=" " tag="043"><subfield code="a">n-us-ok</subfield></datafield><datafield ind1="0" ind2=" " tag="130"><subfield code="a">Oklahoma eagle (Stillwater, Okla.)</subfield></datafield><datafield ind1="1" ind2="0" tag="245"><subfield code="a">Oklahoma eagle.</subfield></datafield><datafield ind1=" " ind2=" " tag="260"><subfield code="a">Stillwater, Oklahoma Territory [Okla.] :</subfield><subfield code="b">Eagle Pub. Co.</subfield></datafield><datafield ind1=" " ind2=" " tag="300"><subfield code="a">v.</subfield></datafield><datafield ind1=" " ind2=" " tag="310"><subfield code="a">Weekly</subfield></datafield><datafield ind1="0" ind2=" " tag="362"><subfield code="a">-v. 2, no. 24 (Dec. 29, 1893).</subfield></datafield><datafield ind1="1" ind2=" " tag="362"><subfield code="a">Began in 1892.</subfield></datafield><datafield ind1=" " ind2=" " tag="588"><subfield code="a">Description based on: Vol. 2, no. 22 (Dec. 15, 1893).</subfield></datafield><datafield ind1=" " ind2="0" tag="650"><subfield code="a">Populism</subfield><subfield code="z">Oklahoma</subfield><subfield code="v">Newspapers.</subfield></datafield><datafield ind1=" " ind2="0" tag="651"><subfield code="a">Stillwater (Okla.)</subfield><subfield code="v">Newspapers.</subfield></datafield><datafield ind1=" " ind2="0" tag="651"><subfield code="a">Payne County (Okla.)</subfield><subfield code="v">Newspapers.</subfield></datafield><datafield ind1=" " ind2="0" tag="651"><subfield code="a">Oklahoma Territory (Okla.)</subfield><subfield code="v">Newspapers.</subfield></datafield><datafield ind1=" " ind2=" " tag="752"><subfield code="a">United States</subfield><subfield code="b">Oklahoma</subfield><subfield code="c">Payne</subfield><subfield code="d">Stillwater.</subfield></datafield><datafield ind1="0" ind2="7" tag="785"><subfield code="t">Stillwater gazette (Stillwater, Okla. : 1889)</subfield><subfield code="w">(DLC)sn 95076261</subfield><subfield code="w">(OCoLC)32731927</subfield></datafield><datafield ind1="0" ind2="7" tag="785"><subfield code="t">Eagle-gazette</subfield><subfield code="w">(DLC)sn 95076259</subfield><subfield code="w">(OCoLC)32732189</subfield></datafield></record>